
@article{bar2012,
  title={Studying and modelling dynamic biological processes using time-series gene expression data},
  author={Bar-Joseph, Ziv and Gitter, Anthony and Simon, Itamar},
  journal={Nature Reviews Genetics},
  volume={13},
  number={8},
  pages={552--564},
  year={2012},
  publisher={Nature Publishing Group}
}